<?xml version="1.0" encoding="UTF-8"?><collection xmlns="http://www.loc.gov/MARC21/slim"><record><leader>00551nam--2200193-i-4500</leader><controlfield tag="001">000042640</controlfield><controlfield tag="002">20161230</controlfield><controlfield tag="005">20161230201043</controlfield><controlfield tag="008">060222s1000------------r-----000-0-eng-d</controlfield><datafield ind1=" " ind2=" " tag="040"><subfield code="a">IFIN-HH</subfield></datafield><datafield ind1=" " ind2=" " tag="080"><subfield code="a">539.143.43:539.2</subfield></datafield><datafield ind1="1" ind2=" " tag="100"><subfield code="a">Standley,K.J</subfield></datafield><datafield ind1="1" ind2="0" tag="245"><subfield code="a">Electron spin relaxation phenomena in solids</subfield><subfield code="c">K.j standley; r.a. vaughan</subfield></datafield><datafield ind1=" " ind2=" " tag="260"><subfield code="a">London</subfield><subfield code="b">Adam Hilger Ltd</subfield><subfield code="c">1969</subfield></datafield><datafield ind1=" " ind2=" " tag="300"><subfield code="a">X + 245 P</subfield></datafield><datafield ind1=" " ind2=" " tag="490"><subfield code="a">Monographs On Electron Spin Resonance</subfield></datafield><datafield ind1="1" ind2=" " tag="700"><subfield code="a">Vaughan, R.A</subfield></datafield><datafield ind1=" " ind2=" " tag="852"><subfield code="a">34222</subfield><subfield code="c">539.143.43</subfield></datafield><datafield ind1=" " ind2=" " tag="CAT"><subfield code="a">Sys</subfield><subfield code="c">20110120</subfield><subfield code="h">142557</subfield></datafield></record></collection>